% Encoding: UTF-8

@Article{,
  author  = {Malvino, Albert Paul. M.A. LAUGHTON, D. J. WARNE (ED). ALLEY-ATWOOD.},
  title   = {Principios de Electrónica. Electrical Engineer's. Ingenieria Electrónica.},
  journal = {MgCraw-Hill/Interamericana de ESpaña,S. A. U. 16th Edition, Newnes,},
  year    = {2000 2003},
  issn    = {968-18-0967-X},
}

@Comment{jabref-meta: databaseType:bibtex;}
