% Encoding: UTF-8

@Electronic{2018,
  author   = {Tutoriales de electronica basica},
  month    = {junio},
  year     = {2018},
  title    = {Tutoriales de electrónica básica},
  language = {español},
  url      = {http://tutorialesdeelectronicabasica.blogspot.com/2018/06/el-amplificador-de-clase-es-un.html},
}

@Comment{jabref-meta: databaseType:bibtex;}
